@inproceedings{nikravesh2015mobilyzer,
  title={Mobilyzer: An open platform for controllable mobile network measurements},
  author={Nikravesh, Ashkan and Yao, Hongyi and Xu, Shichang and Choffnes, David and Mao, Z Morley},
  booktitle={Proceedings of the 13th Annual International Conference on Mobile Systems, Applications, and Services},
  pages={389--404},
  year={2015},
  organization={ACM}
}


@inproceedings{nandugudi2013phonelab,
  title={Phonelab: A large programmable smartphone testbed},
  author={Nandugudi, Anandatirtha and Maiti, Anudipa and Ki, Taeyeon and Bulut, Fatih and Demirbas, Murat and Kosar, Tevfik and Qiao, Chunming and Ko, Steven Y and Challen, Geoffrey},
  booktitle={Proceedings of First International Workshop on Sensing and Big Data Mining},
  pages={1--6},
  year={2013},
  organization={ACM}
}


@misc{AngryBirds,
    title = {Angry Birds and 'leaky' phone apps targeted by NSA and GCHQ for user data},
    note = {Accessed \today,  \url{http://www.theguardian.com/world/2014/jan/27/nsa-gchq-smartphone-app-angry-birds-personal-data}},
}


@misc{irb,
    title = {Institutional review board},
    note = {Accessed \today,  \url{https://en.wikipedia.org/wiki/Institutional_review_board}},
}


@misc{breach,
    title = {A Warning About Those Free Smartphone Apps},
    note = {Accessed \today,  \url{http://abcnews.go.com/Technology/warning-free-smartphone-apps/story?id=30484903}},
}


@misc{tweet,
    title = {App Auto-Tweets False Piracy Accusations},
    note = {Accessed \today,  \url{http://yro.slashdot.org/story/12/11/13/2249203/app-auto-tweets-false-piracy-accusations}},
}


@misc{starbucks,
    title = {Hackers are draining bank accounts via the Starbucks app},
    note = {Accessed \today,  \url{http://money.cnn.com/2015/05/13/technology/hackers-starbucks-app/index.html}},
}


@misc{android-sec,
    title = {Android security},
    note = {Accessed \today,  \url{https://source.android.com/devices/tech/security/}},
}


@article{zevenbergen2013ethical,
  title={Ethical Privacy Guidelines for Mobile Connectivity Measurements},
  author={Zevenbergen, Bendert and Brown, Ian and Wright, Joss and Erdos, David},
  journal={Available at SSRN 2356824},
  year={2013}
}


@inproceedings{zhuang2014sensibility,
  title={Sensibility testbed: An internet-wide cloud platform for programmable exploration of mobile devices},
  author={Zhuang, Yanyan and Law, Leonard and Rafetseder, Albert and Wang, Lai and Beschastnikh, Ivan and Cappos, Justin},
  booktitle={Computer Communications Workshops (INFOCOM WKSHPS), 2014 IEEE Conference on},
  pages={139--140},
  year={2014},
  organization={IEEE}
}


@misc{sensibility,
    title = {Sensibility Testbed},
    note = {Accessed \today,  \url{https://sensibilitytestbed.com/}},
}


@article{zhuang2015privacy,
  title={Privacy-preserving Experimentation with Sensibility Testbed},
  author={Zhuang, Yanyan and Rafetseder, Albert and Cappos, Justin},
  journal={;login:: the magazine of USENIX},
  volume={40},
  number={4},
  pages={18--21},
  year={2015},
  publisher={USENIX Association}
}


@inproceedings{cappos2010retaining,
  title={Retaining sandbox containment despite bugs in privileged memory-safe code},
  author={Cappos, Justin and Dadgar, Armon and Rasley, Jeff and Samuel, Justin and Beschastnikh, Ivan and Barsan, Cosmin and Krishnamurthy, Arvind and Anderson, Thomas},
  booktitle={Proceedings of the 17th ACM conference on Computer and communications security},
  pages={212--223},
  year={2010},
  organization={ACM}
}


@misc{ref,
    title = {Reference monitor},
    note = {Accessed \today,  \url{https://en.wikipedia.org/wiki/Reference_monitor}},
}


@inproceedings{fawaz2014location,
  title={Location privacy protection for smartphone users},
  author={Fawaz, Kassem and Shin, Kang G},
  booktitle={Proceedings of the 2014 ACM SIGSAC Conference on Computer and Communications Security},
  pages={239--250},
  year={2014},
  organization={ACM}
}


@misc{ch,
    title = {Sensibility Testbed Clearinghouse},
    note = {Accessed \today,  \url{https://sensibilityclearinghouse.poly.edu/}},
}


@misc{sensibility-app,
    title = {Sensibility Testbed, Google Play},
    note = {Accessed \today,  \url{https://play.google.com/store/apps/details?id=com.sensibility_testbed}},
}


@misc{seattle,
    title = {Seattle Testbed},
    note = {Accessed \today,  \url{https://seattle.poly.edu/}},
}


@misc{sensevis,
    title = {Sensevis: A cloud storage and data visualization service for Sensibility Testbed.},
    note = {Accessed \today,  \url{http://sensibilitytestbed.github.io/sensevis/}},
}


@misc{sensor-api,
    title = {Sensor {API}},
    note = {Accessed \today,  \url{https://sensibilitytestbed.com/projects/project/wiki/sensors#SensorAPI}},
}


@misc{sensors,
    title = {Sensor Library for Sensibility Testbed},
    note = {Accessed \today,  \url{https://sensibilitytestbed.com/projects/project/wiki/sensors}},
}


@misc{calc,
    title = {How an {A}ndroid app could transmit your personal data without any permissions},
    note = {Accessed \today,  \url{http://www.theverge.com/2012/4/13/2943141/android-no-permissions-app-gallery-security-issues}},
}


@misc{dht,
    title = {Distributed hash table},
    note = {Accessed \today,  \url{https://en.wikipedia.org/wiki/Distributed_hash_table}},
}


@misc{level,
    title = {<permission>},
    note = {Accessed \today,  \url{http://developer.android.com/guide/topics/manifest/permission-element.html}},
}


@misc{battery-priv,
    title = {Your smartphone or laptop battery could be used to track you, researchers say},
    note = {Accessed \today,  \url{http://www.digitaltrends.com/mobile/battery-status-api-tracks-phone-laptop/}},
}


@misc{muta,
    title = {Python Programming/Data Types},
    note = {Accessed \today,  \url{https://en.wikibooks.org/wiki/Python_Programming/Data_Types#Mutable_vs_Immutable_Objects}},
}


@inproceedings{michalevsky2014gyrophone,
  title={Gyrophone: Recognizing speech from gyroscope signals},
  author={Michalevsky, Yan and Boneh, Dan and Nakibly, Gabi},
  booktitle={Proc. 23rd USENIX Security Symposium (SEC'14), USENIX Association},
  year={2014}
}


@inproceedings{acharya2000mapbox,
  title={MAPbox: Using parameterized behavior classes to confine untrusted applications},
  author={Acharya, Anurag and Raje, Mandar},
  booktitle={Proceedings of the 9th conference on USENIX Security Symposium-Volume 9},
  pages={1--1},
  year={2000},
  organization={USENIX Association}
}

@inproceedings{fraser2000hardening,
  title={Hardening COTS software with generic software wrappers},
  author={Fraser, Timothy and Badger, Lee and Feldman, Mark},
  booktitle={DARPA Information Survivability Conference and Exposition, 2000. DISCEX'00. Proceedings},
  volume={2},
  pages={323--337},
  year={2000},
  organization={IEEE}
}


@inproceedings{hao2013isleep,
  title={iSleep: unobtrusive sleep quality monitoring using smartphones},
  author={Hao, Tian and Xing, Guoliang and Zhou, Gang},
  booktitle={Proceedings of the 11th ACM Conference on Embedded Networked Sensor Systems},
  pages={4},
  year={2013},
  organization={ACM}
}


@inproceedings{wang2012no,
  title={No need to war-drive: unsupervised indoor localization},
  author={Wang, He and Sen, Souvik and Elgohary, Ahmed and Farid, Moustafa and Youssef, Moustafa and Choudhury, Romit Roy},
  booktitle={Proceedings of the 10th international conference on Mobile systems, applications, and services},
  pages={197--210},
  year={2012},
  organization={ACM}
}


@inproceedings{wang2013sensing,
  title={Sensing vehicle dynamics for determining driver phone use},
  author={Wang, Yan and Yang, Jie and Liu, Hongbo and Chen, Yingying and Gruteser, Marco and Martin, Richard P},
  booktitle={Proceeding of the 11th annual international conference on Mobile systems, applications, and services},
  pages={41--54},
  year={2013},
  organization={ACM}
}


@misc{phone2015,
    title = {U.S. Smartphone Use in 2015},
    note = {Accessed \today,  \url{http://www.pewinternet.org/2015/04/01/us-smartphone-use-in-2015/ }},
}


@misc{phonelab,
    title = {PhoneLab: A Smartphone Platform Testbed},
    note = {Accessed \today,  \url{https://www.phone-lab.org/}},
}


@misc{repyv2,
    title = {Repy V2 Library Reference},
    note = {Accessed \today,  \url{https://seattle.poly.edu/wiki/RepyV2API}},
}


@misc{demo-kit,
    title = {Sensibility Testbed Demo Kit},
    note = {Accessed \today,  \url{https://sensibilityclearinghouse.poly.edu/demokit/sensibility-testbed-demokit.zip}},
}


@misc{csn,
    title = {Community Seismic Network},
    note = {Accessed \today,  \url{http://csn.caltech.edu/}},
}


@misc{open3g,
    title = {Open3G Map},
    note = {Accessed \today,  \url{https://o3gm.cs.univie.ac.at/}},
}


@misc{sas,
    title = {Sensors Applications Symposium},
    note = {Accessed \today,  \url{http://sensorapps.org/}},
}


@misc{battery,
    title = {HTML5: Battery Status API},
    note = {Accessed \today,  \url{http://code.tutsplus.com/tutorials/html5-battery-status-api--mobile-22795}},
}


@misc{sensorium,
    title = {HTML5: Battery Status API},
    note = {Accessed \today,  \url{https://github.com/fmetzger/android-sensorium}},
}


@misc{intent,
    title = {Intent ({A}ndroid)},
    note = {Accessed \today,  \url{https://en.wikipedia.org/wiki/Intent_(Android)}},
}


@misc{intent-dev,
    title = {Intent},
    note = {Accessed \today,  \url{https://developer.android.com/reference/android/content/Intent.html}},
}


@misc{OpenWLANMap,
    title = {OpenWLANMap},
    note = {Accessed \today,  \url{http://www.openwlanmap.org/owlmapatandroid.php?lang=}},
}


@misc{battery-use,
    title = {Android Phone's Battery Use Can Reveal User Location},
    note = {Accessed \today,  \url{http://spectrum.ieee.org/tech-talk/telecom/wireless/android-phones-battery-use-can-reveal-user-location}},
}


@inproceedings{xu2012taplogger,
  title={Taplogger: Inferring user inputs on smartphone touchscreens using on-board motion sensors},
  author={Xu, Zhi and Bai, Kun and Zhu, Sencun},
  booktitle={Proceedings of the fifth ACM conference on Security and Privacy in Wireless and Mobile Networks},
  pages={113--124},
  year={2012},
  organization={ACM}
}



@article{rafetseder2013sensorium,
  title={Sensorium-A Generic Sensor Framework.},
  author={Rafetseder, Albert and Metzger, Florian and P{\"u}hringer, Lukas and Tutschku, Kurt and Zhuang, Yanyan and Cappos, Justin},
  journal={Praxis der Informationsverarbeitung und Kommunikation},
  volume={36},
  number={1},
  pages={46},
  year={2013}
}


@inproceedings{gruteser2003anonymous,
  title={Anonymous usage of location-based services through spatial and temporal cloaking},
  author={Gruteser, Marco and Grunwald, Dirk},
  booktitle={Proceedings of the 1st international conference on Mobile systems, applications and services},
  pages={31--42},
  year={2003},
  organization={ACM}
}


@inproceedings{reininger2015first,
  title={A First Look at Vehicle Data Collection via Smartphone Sensors},
  author={Reininger, Michael and Miller, Seth and Zhuang, Yanyan and Cappos, Justin},
  booktitle={Sensors Applications Symposium (SAS), 2015 IEEE},
  year={2015},
  organization={IEEE}
}


@article{camp2015respecting,
  title={Respecting people and respecting privacy},
  author={Camp, L Jean},
  journal={Communications of the ACM},
  volume={58},
  number={7},
  pages={27--28},
  year={2015},
  publisher={ACM}
}

@inproceedings{sundaresan2011broadband,
  title={Broadband internet performance: a view from the gateway},
  author={Sundaresan, Srikanth and De Donato, Walter and Feamster, Nick and Teixeira, Renata and Crawford, Sam and Pescap{\`e}, Antonio},
  booktitle={ACM SIGCOMM Computer Communication Review},
  volume={41},
  number={4},
  pages={134--145},
  year={2011},
  organization={ACM}
}


@inproceedings{ravindranath2012appinsight,
  title={AppInsight: Mobile App Performance Monitoring in the Wild.},
  author={Ravindranath, Lenin and Padhye, Jitendra and Agarwal, Sharad and Mahajan, Ratul and Obermiller, Ian and Shayandeh, Shahin},
  booktitle={OSDI},
  volume={12},
  pages={107--120},
  year={2012}
}


@inproceedings{faulkner2011next,
  title={The next big one: Detecting earthquakes and other rare events from community-based sensors},
  author={Faulkner, Matthew and Olson, Michael and Chandy, Rishi and Krause, Jonathan and Chandy, K Mani and Krause, Andreas},
  booktitle={Information Processing in Sensor Networks (IPSN), 2011 10th International Conference on},
  pages={13--24},
  year={2011},
  organization={IEEE}
}


@inproceedings{mohan2008nericell,
  title={Nericell: rich monitoring of road and traffic conditions using mobile smartphones},
  author={Mohan, Prashanth and Padmanabhan, Venkata N and Ramjee, Ramachandran},
  booktitle={Proceedings of the 6th ACM conference on Embedded network sensor systems},
  pages={323--336},
  year={2008},
  organization={ACM}
}

@inproceedings{thiagarajan2009vtrack,
  title={VTrack: accurate, energy-aware road traffic delay estimation using mobile phones},
  author={Thiagarajan, Arvind and Ravindranath, Lenin and LaCurts, Katrina and Madden, Samuel and Balakrishnan, Hari and Toledo, Sivan and Eriksson, Jakob},
  booktitle={Proceedings of the 7th ACM Conference on Embedded Networked Sensor Systems},
  pages={85--98},
  year={2009},
  organization={ACM}
}


@inproceedings{garfinkel2003traps,
  title={Traps and Pitfalls: Practical Problems in System Call Interposition Based Security Tools.},
  author={Garfinkel, Tal and others},
  booktitle={NDSS},
  volume={3},
  pages={163--176},
  year={2003}
}

@article{bonchi2011trajectory,
  title={Trajectory anonymity in publishing personal mobility data},
  author={Bonchi, Francesco and Lakshmanan, Laks VS and Wang, Hui Wendy},
  journal={ACM Sigkdd Explorations Newsletter},
  volume={13},
  number={1},
  pages={30--42},
  year={2011},
  publisher={ACM}
}

@incollection{kapadia2008anonysense,
  title={AnonySense: Opportunistic and privacy-preserving context collection},
  author={Kapadia, Apu and Triandopoulos, Nikos and Cornelius, Cory and Peebles, Daniel and Kotz, David},
  booktitle={Pervasive Computing},
  pages={280--297},
  year={2008},
  publisher={Springer}
}

@article{lane2010survey,
  title={A survey of mobile phone sensing},
  author={Lane, Nicholas D and Miluzzo, Emiliano and Lu, Hong and Peebles, Daniel and Choudhury, Tanzeem and Campbell, Andrew T},
  journal={Communications Magazine, IEEE},
  volume={48},
  number={9},
  pages={140--150},
  year={2010},
  publisher={IEEE}
}

@article{li2009privacy,
  title={Privacy preservation in wireless sensor networks: A state-of-the-art survey},
  author={Li, Na and Zhang, Nan and Das, Sajal K and Thuraisingham, Bhavani},
  journal={Ad Hoc Networks},
  volume={7},
  number={8},
  pages={1501--1514},
  year={2009},
  publisher={Elsevier}
}

@inproceedings{naghizade2015private,
  title={How private can i be among public users?},
  author={Naghizade, Elham and Bailey, James and Kulik, Lars and Tanin, Egemen},
  booktitle={Proceedings of the 2015 ACM International Joint Conference on Pervasive and Ubiquitous Computing},
  pages={1137--1141},
  year={2015},
  organization={ACM}
}

@inproceedings{chakraborty2014ipshield,
  title={ipShield: a framework for enforcing context-aware privacy},
  author={Chakraborty, Supriyo and Shen, Chenguang and Raghavan, Kasturi Rangan and Shoukry, Yasser and Millar, Matt and Srivastava, Mani},
  booktitle={11th USENIX Symposium on Networked Systems Design and Implementation (NSDI 14)},
  pages={143--156},
  year={2014},
  organization={USENIX Association}
}

@inproceedings{saroiu2015policy,
  title={Policy-Carrying Data: A Privacy Abstraction for Attaching Terms of Service to Mobile Data},
  author={Saroiu, Stefan and Wolman, Alec and Agarwal, Sharad},
  booktitle={Proceedings of the 16th International Workshop on Mobile Computing Systems and Applications},
  pages={129--134},
  year={2015},
  organization={ACM}
}

@article{abul2010hiding,
  title={Hiding sequential and spatiotemporal patterns},
  author={Abul, Osman and Bonchi, Francesco and Giannotti, Fosca},
  journal={Knowledge and Data Engineering, IEEE Transactions on},
  volume={22},
  number={12},
  pages={1709--1723},
  year={2010},
  publisher={IEEE}
}


@inproceedings{beresford2011mockdroid,
  title={Mockdroid: trading privacy for application functionality on smartphones},
  author={Beresford, Alastair R and Rice, Andrew and Skehin, Nicholas and Sohan, Ripduman},
  booktitle={Proceedings of the 12th Workshop on Mobile Computing Systems and Applications},
  pages={49--54},
  year={2011},
  organization={ACM}
}


@incollection{zhou2011taming,
  title={Taming information-stealing smartphone applications (on android)},
  author={Zhou, Yajin and Zhang, Xinwen and Jiang, Xuxian and Freeh, Vincent W},
  booktitle={Trust and Trustworthy Computing},
  pages={93--107},
  year={2011},
  publisher={Springer}
}


@article{reed1998overview,
  title={An overview of the challenges and progress in meeting the E-911 requirement for location service},
  author={Reed, Jeffrey H and Krizman, Kevin J and Woerner, Brian D and Rappaport, Theodore S},
  journal={IEEE Communications Magazine},
  volume={36},
  number={4},
  pages={30--37},
  year={1998}
}


@inproceedings{mokbel2006new,
  title={The new Casper: query processing for location services without compromising privacy},
  author={Mokbel, Mohamed F and Chow, Chi-Yin and Aref, Walid G},
  booktitle={Proceedings of the 32nd international conference on Very large data bases},
  pages={763--774},
  year={2006},
  organization={VLDB Endowment}
}

@incollection{ghinita2007mobihide,
  title={MOBIHIDE: a mobilea peer-to-peer system for anonymous location-based queries},
  author={Ghinita, Gabriel and Kalnis, Panos and Skiadopoulos, Spiros},
  booktitle={Advances in Spatial and Temporal Databases},
  pages={221--238},
  year={2007},
  publisher={Springer}
}

@inproceedings{cornelius2008anonysense,
  title={Anonysense: privacy-aware people-centric sensing},
  author={Cornelius, Cory and Kapadia, Apu and Kotz, David and Peebles, Dan and Shin, Minho and Triandopoulos, Nikos},
  booktitle={Proceedings of the 6th international conference on Mobile systems, applications, and services},
  pages={211--224},
  year={2008},
  organization={ACM}
}

@article{kiukkonen2010towards,
  title={Towards rich mobile phone datasets: Lausanne data collection campaign},
  author={Kiukkonen, Niko and Blom, Jan and Dousse, Olivier and Gatica-Perez, Daniel and Laurila, Juha},
  journal={Proc. ICPS, Berlin},
  year={2010}
}

@incollection{wagner2014device,
  title={Device analyzer: Understanding smartphone usage},
  author={Wagner, Daniel T and Rice, Andrew and Beresford, Alastair R},
  booktitle={Mobile and Ubiquitous Systems: Computing, Networking, and Services},
  pages={195--208},
  year={2014},
  publisher={Springer}
}


@inproceedings{kang2008seemon,
  title={Seemon: scalable and energy-efficient context monitoring framework for sensor-rich mobile environments},
  author={Kang, Seungwoo and Lee, Jinwon and Jang, Hyukjae and Lee, Hyonik and Lee, Youngki and Park, Souneil and Park, Taiwoo and Song, Junehwa},
  booktitle={Proceedings of the 6th international conference on Mobile systems, applications, and services},
  pages={267--280},
  year={2008},
  organization={ACM}
}

@article{enck2014taintdroid,
  title={TaintDroid: an information-flow tracking system for realtime privacy monitoring on smartphones},
  author={Enck, William and Gilbert, Peter and Han, Seungyeop and Tendulkar, Vasant and Chun, Byung-Gon and Cox, Landon P and Jung, Jaeyeon and McDaniel, Patrick and Sheth, Anmol N},
  journal={ACM Transactions on Computer Systems (TOCS)},
  volume={32},
  number={2},
  pages={5},
  year={2014},
  publisher={ACM}
}

@inproceedings{holavanalli2013flow,
  title={Flow permissions for android},
  author={Holavanalli, Shashank and Manuel, Don and Nanjundaswamy, Vishwas and Rosenberg, Brian and Shen, Feng and Ko, Steven Y and Ziarek, Lukasz},
  booktitle={Automated Software Engineering (ASE), 2013 IEEE/ACM 28th International Conference on},
  pages={652--657},
  year={2013},
  organization={IEEE}
}


@inproceedings{aditya2014encore,
  title={Encore: Private, context-based communication for mobile social apps},
  author={Aditya, Paarijaat and Erd{\'e}lyi, Viktor and Lentz, Matthew and Shi, Elaine and Bhattacharjee, Bobby and Druschel, Peter},
  booktitle={Proceedings of the 12th annual international conference on Mobile systems, applications, and services},
  pages={135--148},
  year={2014},
  organization={ACM}
}


@inproceedings{chen2014sensor,
  title={Sensor-assisted facial recognition: an enhanced biometric authentication system for smartphones},
  author={Chen, Shaxun and Pande, Amit and Mohapatra, Prasant},
  booktitle={Proceedings of the 12th annual international conference on Mobile systems, applications, and services},
  pages={109--122},
  year={2014},
  organization={ACM}
}


@inproceedings{agarwal2013protectmyprivacy,
  title={ProtectMyPrivacy: detecting and mitigating privacy leaks on iOS devices using crowdsourcing},
  author={Agarwal, Yuvraj and Hall, Malcolm},
  booktitle={Proceeding of the 11th annual international conference on Mobile systems, applications, and services},
  pages={97--110},
  year={2013},
  organization={ACM}
}


@inproceedings{parate2013leveraging,
  title={Leveraging graphical models to improve accuracy and reduce privacy risks of mobile sensing},
  author={Parate, Abhinav and Chiu, Meng-Chieh and Ganesan, Deepak and Marlin, Benjamin M},
  booktitle={Proceeding of the 11th annual international conference on Mobile systems, applications, and services},
  pages={83--96},
  year={2013},
  organization={ACM}
}


@inproceedings{gotz2012maskit,
  title={MaskIt: Privately releasing user context streams for personalized mobile applications},
  author={G{\"o}tz, Michaela and Nath, Suman and Gehrke, Johannes},
  booktitle={Proceedings of the 2012 ACM SIGMOD International Conference on Management of Data},
  pages={289--300},
  year={2012},
  organization={ACM}
}



@inproceedings{lu2010jigsaw,
  title={The Jigsaw continuous sensing engine for mobile phone applications},
  author={Lu, Hong and Yang, Jun and Liu, Zhigang and Lane, Nicholas D and Choudhury, Tanzeem and Campbell, Andrew T},
  booktitle={Proceedings of the 8th ACM Conference on Embedded Networked Sensor Systems},
  pages={71--84},
  year={2010},
  organization={ACM}
}


@inproceedings{amini2011cache,
  title={Cach{\'e}: caching location-enhanced content to improve user privacy},
  author={Amini, Shahriyar and Lindqvist, Janne and Hong, Jason and Lin, Jialiu and Toch, Eran and Sadeh, Norman},
  booktitle={Proceedings of the 9th international conference on Mobile systems, applications, and services},
  pages={197--210},
  year={2011},
  organization={ACM}
}


@inproceedings{jiang2012isolating,
  title={Isolating and analyzing fraud activities in a large cellular network via voice call graph analysis},
  author={Jiang, Nan and Jin, Yu and Skudlark, Ann and Hsu, Wen-Ling and Jacobson, Guy and Prakasam, Siva and Zhang, Zhi-Li},
  booktitle={Proceedings of the 10th international conference on Mobile systems, applications, and services},
  pages={253--266},
  year={2012},
  organization={ACM}
}


@incollection{krumm2007inference,
  title={Inference attacks on location tracks},
  author={Krumm, John},
  booktitle={Pervasive Computing},
  pages={127--143},
  year={2007},
  publisher={Springer}
}


@inproceedings{miluzzo2012tapprints,
  title={Tapprints: your finger taps have fingerprints},
  author={Miluzzo, Emiliano and Varshavsky, Alexander and Balakrishnan, Suhrid and Choudhury, Romit Roy},
  booktitle={Proceedings of the 10th international conference on Mobile systems, applications, and services},
  pages={323--336},
  year={2012},
  organization={ACM}
}

@inproceedings{cai2011touchlogger,
  title={Touch{L}ogger: Inferring Keystrokes on Touch Screen from Smartphone Motion.},
  author={Cai, Liang and Chen, Hao},
  booktitle={HotSec},
  year={2011}
}


@inproceedings{owusu2012accessory,
  title={A{CC}essory: password inference using accelerometers on smartphones},
  author={Owusu, Emmanuel and Han, Jun and Das, Sauvik and Perrig, Adrian and Zhang, Joy},
  booktitle={Proceedings of the Twelfth Workshop on Mobile Computing Systems \& Applications},
  pages={9},
  year={2012},
  organization={ACM}
}


@inproceedings{shin2011findingmimo,
  title={Finding{M}i{M}o: Tracing a missing mobile phone using daily observations},
  author={Shin, Hyojeong and Chon, Yohan and Park, Kwanghyo and Cha, Hojung},
  booktitle={Proceedings of the 9th international conference on Mobile systems, applications, and services},
  pages={29--42},
  year={2011},
  organization={ACM}
}


@inproceedings{zhang2015leave,
  title={Leave Me Alone: App-level Protection Against Runtime Information Gathering on Android},
  author={Zhang, Nan and Yuan, Kan and Naveed, Muhammad and Zhou, Xiaoyong and Wang, XiaoFeng},
  booktitle={Security and Privacy (SP), 2015 IEEE Symposium on},
  year={2015},
  organization={IEEE}
}


@inproceedings{aviv2012practicality,
  title={Practicality of accelerometer side channels on smartphones},
  author={Aviv, Adam J and Sapp, Benjamin and Blaze, Matt and Smith, Jonathan M},
  booktitle={Proceedings of the 28th Annual Computer Security Applications Conference},
  pages={41--50},
  year={2012},
  organization={ACM}
}


@book{cai2012practicality,
  title={On the practicality of motion based keystroke inference attack},
  author={Cai, Liang and Chen, Hao},
  year={2012},
  publisher={Springer}
}


@inproceedings{dey2014accelprint,
  title={Accelprint: Imperfections of accelerometers make smartphones trackable},
  author={Dey, Sanorita and Roy, Nirupam and Xu, Wenyuan and Choudhury, Romit Roy and Nelakuditi, Srihari},
  booktitle={Proceedings of the Network and Distributed System Security Symposium (NDSS)},
  year={2014}
}



@article{bojinov2014mobile,
  title={Mobile device identification via sensor fingerprinting},
  author={Bojinov, Hristo and Michalevsky, Yan and Nakibly, Gabi and Boneh, Dan},
  journal={arXiv preprint arXiv:1408.1416},
  year={2014}
}


@article{doscher1998accelerometer,
  title={Accelerometer design and applications},
  author={Doscher, James and Evangelist, Micromachining},
  journal={Analog Devices},
  volume={3},
  year={1998}
}


@article{clarkson2012breaking,
  title={Breaking assumptions: distinguishing between seemingly identical items using cheap sensors},
  author={Clarkson, William Banks},
  year={2012},
  publisher={Princeton University}
}


@inproceedings{das2014poster,
  title={Poster: Fingerprinting smartphones through speaker},
  author={Das, Anupam and Borisov, Nikita},
  booktitle={Security and Privacy (SP), 2014 IEEE Symposium on. IEEE},
  year={2014}
}


@inproceedings{shokri2011quantifying,
  title={Quantifying location privacy},
  author={Shokri, Reza and Theodorakopoulos, George and Le Boudec, Jean-Yves and Hubaux, Jean-Pierre},
  booktitle={Security and Privacy (SP), 2011 IEEE Symposium on},
  pages={247--262},
  year={2011},
  organization={IEEE}
}



@inproceedings{polakis2015s,
  title={Where's Wally?: Precise User Discovery Attacks in Location Proximity Services},
  author={Polakis, Iasonas and Argyros, George and Petsios, Theofilos and Sivakorn, Suphannee and Keromytis, Angelos D},
  booktitle={Proceedings of the 22nd ACM SIGSAC Conference on Computer and Communications Security},
  pages={817--828},
  year={2015},
  organization={ACM}
}


@inproceedings{liu2015good,
  title={When Good Becomes Evil: Keystroke Inference with Smartwatch},
  author={Liu, Xiangyu and Zhou, Zhe and Diao, Wenrui and Li, Zhou and Zhang, Kehuan},
  booktitle={Proceedings of the 22nd ACM SIGSAC Conference on Computer and Communications Security},
  pages={1273--1285},
  year={2015},
  organization={ACM}
}


@inproceedings{bordenabe2014optimal,
  title={Optimal geo-indistinguishable mechanisms for location privacy},
  author={Bordenabe, Nicol{\'a}s E and Chatzikokolakis, Konstantinos and Palamidessi, Catuscia},
  booktitle={Proceedings of the 2014 ACM SIGSAC Conference on Computer and Communications Security},
  pages={251--262},
  year={2014},
  organization={ACM}
}



@inproceedings{popa2011privacy,
  title={Privacy and accountability for location-based aggregate statistics},
  author={Popa, Raluca Ada and Blumberg, Andrew J and Balakrishnan, Hari and Li, Frank H},
  booktitle={Proceedings of the 18th ACM conference on Computer and communications security},
  pages={653--666},
  year={2011},
  organization={ACM}
}


@inproceedings{felt2012android,
  title={Android permissions: User attention, comprehension, and behavior},
  author={Felt, Adrienne Porter and Ha, Elizabeth and Egelman, Serge and Haney, Ariel and Chin, Erika and Wagner, David},
  booktitle={Proceedings of the Eighth Symposium on Usable Privacy and Security},
  pages={3},
  year={2012},
  organization={ACM}
}


@inproceedings{han2012accomplice,
  title={Accomplice: Location inference using accelerometers on smartphones},
  author={Han, Jun and Owusu, Emmanuel and Nguyen, Le T and Perrig, Adrian and Zhang, Joy},
  booktitle={Communication Systems and Networks (COMSNETS), 2012 Fourth International Conference on},
  pages={1--9},
  year={2012},
  organization={IEEE}
}


@inproceedings{guha2012koi,
  title={Koi: A location-privacy platform for smartphone apps},
  author={Guha, Saikat and Jain, Mudit and Padmanabhan, Venkata N},
  booktitle={Proceedings of the 9th USENIX conference on Networked Systems Design and Implementation},
  pages={14--14},
  year={2012},
  organization={USENIX Association}
}


@inproceedings{toch2010empirical,
  title={Empirical models of privacy in location sharing},
  author={Toch, Eran and Cranshaw, Justin and Drielsma, Paul Hankes and Tsai, Janice Y and Kelley, Patrick Gage and Springfield, James and Cranor, Lorrie and Hong, Jason and Sadeh, Norman},
  booktitle={Proceedings of the 12th ACM international conference on Ubiquitous computing},
  pages={129--138},
  year={2010},
  organization={ACM}
}


@inproceedings{hibler2008large,
  title={Large-scale Virtualization in the Emulab Network Testbed.},
  author={Hibler, Mike and Ricci, Robert and Stoller, Leigh and Duerig, Jonathon and Guruprasad, Shashi and Stack, Tim and Webb, Kirk and Lepreau, Jay},
  booktitle={USENIX Annual Technical Conference},
  pages={113--128},
  year={2008}
}


@inproceedings{peterson2006experiences,
  title={Experiences building planetlab},
  author={Peterson, Larry and Bavier, Andy and Fiuczynski, Marc E and Muir, Steve},
  booktitle={Proceedings of the 7th symposium on Operating systems design and implementation},
  pages={351--366},
  year={2006},
  organization={USENIX Association}
}


@inproceedings{wang2011untold,
  title={An untold story of middleboxes in cellular networks},
  author={Wang, Zhaoguang and Qian, Zhiyun and Xu, Qiang and Mao, Zhuoqing and Zhang, Ming},
  booktitle={ACM SIGCOMM Computer Communication Review},
  volume={41},
  number={4},
  pages={374--385},
  year={2011},
  organization={ACM}
}


@TechReport{zhuangTR15,
   Author       = "Zhuang, Yanyan and Rafetseder, Albert and Jermyn, Jill and Cappos, Justin",
   Title        = "{Sensibility Testbed Implementation Details}",
   Institution  = "NYU Tandon School of Engineering",
   note = {Accessed \today,  \url{http://www.cs.ubc.ca/~yyzh/tr-cse-2015-02.pdf}},
   Number       = "TR--CSE--2015--02",
   Month        = December,
   Year         = 2015
}


@article{Hooshangi_SIGCSE_2015,
 author = {Hooshangi, Sara and Weiss, Richard and Cappos, Justin},
 title = "{Can the Security Mindset Make Students Better Testers?}",
 journal = {SIGCSE Bull.},
 volume = {46},
 number = {1},
 year = {2015},
 publisher = {ACM}
 }


@article{Cappos_SIGCSE_2014,
 author = {Cappos, Justin and Weiss, Richard},
 title = "{Teaching the security mindset with reference monitors}",
 journal = {SIGCSE Bull.},
 volume = {45},
 number = {1},
 year = {2014},
 publisher = {ACM}
 }


@article{michalevsky2015powerspy,
  title={PowerSpy: Location Tracking using Mobile Device Power Analysis},
  author={Michalevsky, Yan and Nakibly, Gabi and Schulman, Aaron and Boneh, Dan},
  journal={arXiv preprint arXiv:1502.03182},
  year={2015}
}


@article{kardous2014evaluation,
  title={Evaluation of smartphone sound measurement applicationsa)},
  author={Kardous, Chucri A and Shaw, Peter B},
  journal={The Journal of the Acoustical Society of America},
  volume={135},
  number={4},
  pages={EL186--EL192},
  year={2014},
  publisher={Acoustical Society of America}
}


@article{zhuang2011time,
  title={Time and location-critical emergency message dissemination for vehicular ad-hoc networks},
  author={Zhuang, Yanyan and Pan, Jianping and Luo, Yuanqian and Cai, Lin},
  journal={Selected Areas in Communications, IEEE Journal on},
  volume={29},
  number={1},
  pages={187--196},
  year={2011},
  publisher={IEEE}
}


@article{lukas2006digital,
  title={Digital camera identification from sensor pattern noise},
  author={Lukas, Jan and Fridrich, Jessica and Goljan, Miroslav},
  journal={Information Forensics and Security, IEEE Transactions on},
  volume={1},
  number={2},
  pages={205--214},
  year={2006},
  publisher={IEEE}
}



@inproceedings{andres2013geo,
  title={Geo-indistinguishability: Differential privacy for location-based systems},
  author={Andr{\'e}s, Miguel E and Bordenabe, Nicol{\'a}s E and Chatzikokolakis, Konstantinos and Palamidessi, Catuscia},
  booktitle={Proceedings of the 2013 ACM SIGSAC conference on Computer \& communications security},
  pages={901--914},
  year={2013},
  organization={ACM}
}

